<?xml version="1.0" encoding="UTF-8"?><record xmlns="http://www.loc.gov/MARC21/slim" xmlns:cinclude="http://apache.org/cocoon/include/1.0" xmlns:zs="http://www.loc.gov/zing/srw/">
  <leader>00943cz  a2200181n  4500</leader>
  <controlfield tag="001">n  92016900 </controlfield>
  <controlfield tag="003">DLC</controlfield>
  <controlfield tag="005">20040730051942.0</controlfield>
  <controlfield tag="008">920215n| acannaabn          |a aaa      </controlfield>
  <datafield tag="010" ind1=" " ind2=" ">
    <subfield code="a">n  92016900 </subfield>
    <subfield code="z">n  89263454 </subfield>
  </datafield>
  <datafield tag="035" ind1=" " ind2=" ">
    <subfield code="a">(OCoLC)oca03111660</subfield>
  </datafield>
  <datafield tag="040" ind1=" " ind2=" ">
    <subfield code="a">DLC</subfield>
    <subfield code="c">DLC</subfield>
    <subfield code="d">DLC</subfield>
    <subfield code="d">DLC-ON</subfield>
  </datafield>
  <datafield tag="100" ind1="1" ind2=" ">
    <subfield code="a">Vanina, E. I︠U︡.</subfield>
    <subfield code="q">(Evgenii︠a︡ I︠U︡rʹevna)</subfield>
  </datafield>
  <datafield tag="400" ind1="1" ind2=" ">
    <subfield code="a">Vanina, Evgenii︠a︡ I︠U︡rʹevna</subfield>
  </datafield>
  <datafield tag="400" ind1="1" ind2=" ">
    <subfield code="a">Vanina, Eugenia</subfield>
  </datafield>
  <datafield tag="670" ind1=" " ind2=" ">
    <subfield code="a">Her Srednevekovoe gorodskoe remeslo Indii, 1991:</subfield>
    <subfield code="b">t.p. (E. I︠U︡. Vanina) colophon (Evgenii︠a︡ I︠U︡rʹevna Vanina)</subfield>
  </datafield>
  <datafield tag="670" ind1=" " ind2=" ">
    <subfield code="a">Ideas and society in India from ... 1996:</subfield>
    <subfield code="b">t.p. (Eugenia Vanina) jkt. (res., Centre of Indian Studies in the Inst. of Oriental Studies, Russian Academy of Sc., Moscow)</subfield>
  </datafield>
  <datafield tag="670" ind1=" " ind2=" ">
    <subfield code="a">Urban crafts and craftsmen in medieval India, 2004:</subfield>
    <subfield code="b">t.p. (Eugenia Vanina) jkt. (b. 1957; M.A.; Ph. D. from Moscow U.; area of interest in medieval Indian hist.; editor; writer)</subfield>
  </datafield>
</record>